@book{Lb.1, 
author={V. Springel, C. S. Frenk, and S. D. M. White},
title={The largescale structure of the Universe},
publisher={Nature 440, 1137},
year={2006},
}
@book{Lb.2, 
author={L. Parker},
title={Quantized Fields and Particle Creation in Expanding Universes},
publisher={I, Phys. Rev. 183, 1057},
year={1969},
}
@book{Lb.3, 
author={N. D. Birrell and P. C. W. Davies},
title={Quantum Fields in Curved Space},
publisher={Cambridge University Press, Cambridge},
year={1982},
}
@book{Lb.4, 
author={V. Mukhanov and S. Winitzki},
title={Introduction to Quantum Effects in Gravity},
publisher={ Cambridge University Press, Cambridge},
year={2007},
}
@book{Lb.5, 
author={R. Saint-Jalm},
title={Dynamical symmetry and breathers in a two dimensional Bose gas},
publisher={Phys. Rev. X 9, 021035},
year={2019},
}
@book{Lb.6, 
author={G. Gauthier},
title={Chapter one - dynamic high-resolution optical trapping of ultracoldatoms},
publisher={Academic Press},
year={2021},
}
@book{Lb.7, 
author={W. G. Unruh},
title={Experimental Black-Hole Evaporation?},
publisher={Phys. Rev. Lett. 46, 1351},
year={1981},
}
@book{Lb.8, 
author={W. G. Unruh},
title={Sonic analogue of black holes and the effects of high frequencies on black hole evaporation},
publisher={Phys. Rev. D 51, 2827},
year={1995},
}
@book{Lb.9,
author={L. J. Garay, J. R. Anglin, J. I. Cirac, and P. Zoller},
title={Sonic Analog of Gravitational Black Holes in Bose-Einstein Condensates},
publisher={Phys. Rev. Lett. 85, 4643},
year={2000},
}
@book{Lb.10, 
author={ M. Visser, C. Barceló, and S. Liberati},
title={Analogue Models of and for Gravity},
publisher={Gen. Relativ. Gravit. 34, 1719},
year={2002},
}
@book{Lb.11, 
author={ M. Novello, M. Visser, and G. E. Volovik},
title={Artificial Black Holes},
publisher={World Scientific Publishing},
year={2002},
}
@book{Lb.12, 
author={C. Barceló, S. Liberati, and M. Visser},
title={Probing semiclassical analog gravity in Bose-Einstein condensates with widely tunable interactions},
publisher={Phys. Rev. A 68, 053613},
year={2003},
}
@book{Lb.13, 
author={P. O. Fedichev and U. R. Fischer},
title={“Cosmological” quasiparticle production in harmonically trapped superfluid},
publisher={Phys. Rev. A 69, 033602},
year={2004},
}
@book{Lb.14, 
author={P. Jain, S. Weinfurtner, M. Visser, and C. W. Gardiner},
title={Analog model of a Friedmann-Robertson-Walker universe in Bose-Einstein condensates: Application of the classical field method},
publisher={Phys. Rev. A 76, 033616},
year={2007},
}
@book{Lb.15, 
author={R. Schützhold},
title={Recreating Fundamental Effects in the Laboratory?},
publisher={Adv. Sci. Lett 2, 121},
year={2009},
}
@book{Lb.16, 
author={A. Prain, S. Fagnocchi, and S. Liberati},
title={Analogue cosmological particle creation: Quantum correlations in expanding Bose-Einstein condensates},
publisher={Phys. Rev. D 82, 105018},
year={2010},
}
@book{Lb.17, 
author={C. Barceló, S. Liberati, and M. Visser},
title={Living Rev},
publisher={Relativ. 14, 3},
year={2011},
}
@book{Lb.18, 
author={M. J. Jacquet, S. Weinfurtner, and F. König},
title={The next generation of analogue gravity experiments},
publisher={Philos. Trans. Royal Soc. A 378, 20190239},
year={2020},
}

@book{Lb.20, 
author={ S. Weinfurtner},
title={Measurement of Stimulated Hawking Emission in an Analogue System},
publisher={Phys. Rev. Lett. 106, 021302},
year={2011},
}
@book{Lb.21,
author={I. Carusotto},
title={Numerical observation of Hawking radiation from acoustic black holes in atomic Bose–Einstein condensates},
publisher={New J. Phys. 10, 103001},
year={2008},
}
@book{Lb.22, 
author={ O. Lahav},
title={Realization of a Sonic Black Hole Analog in a Bose-Einstein Condensate},
publisher={Phys. Rev. Lett. 105, 240401},
year={2010},
}
@book{Lb.23, 
author={J. Steinhauer},
title={Observation of self-amplifying Hawking radiation in an analogue black-hole laser},
publisher={ Nat. Phys. 10, 864–869},
year={2014},
}
@book{Lb.24, 
author={S. Eckel},
title={ A Rapidly Expanding Bose-Einstein Condensate: An Expanding Universe in the Lab},
publisher={Phys. Rev. X 8, 021021},
year={2018},
}
@book{Lb.25, 
author={J. R. Muñoz de Nova},
title={ Observation of thermal Hawking radiation and its temperature in an analogue black hole},
publisher={Nature 569, 688–691},
year={2019},
}
@book{Lb.26, 
author={ M. Wittemer},
title={Phonon Pair Creation by Inflating Quantum Fluctuations in an Ion Trap},
publisher={Phys. Rev. Lett. 123, 180502},
year={2019},
}
@book{Lb.27, 
author={S. Banik},
title={Hubble Attenuation and Amplification in Expanding and Contracting Cold-Atom Universes},
publisher={arXiv:2107.08097},
year={2021},
}
@book{Lb.28, 
author={C. D'Errico},
title={Feshbach resonances in ultracold 39K},
publisher={New J. Phys. 9, 223},
year={2007},
}
@book{Lb.29, 
author={C.-L. Hung, V. Gurarie, and C. Chin},
title={From Cosmology to Cold Atoms: Observation of Sakharov Oscillations in a Quenched Atomic Superfluid},
publisher={Science 341, 1213–1215},
year={2013},
}
@book{Lb.30, 
author={C.-A. Chen, S. Khlebnikov, and C.-L. Hung},
title={Observation of Quasiparticle Pair Production and Quantum Entanglement in Atomic Quantum Gases Quenched to an Attractive Interaction},
publisher={Phys. Rev. Lett. 127, 060404},
year={2021},
}
@book{Lb.31, 
author={J. Steinhauer},
title={Analogue cosmological particle creation in an ultracold quantum fluid of light},
publisher={arXiv:2102.08279},
year={2021},
}
@book{Lb.32, 
author={M. Tolosa-Simeón},
title={Curved and expanding spacetime geometries in Bose-Einstein condensates},
publisher={arXiv:2202.10441},
year={2022},
}
@book{Lb.33, 
author={C. Gross},
title={Atomic homodyne detection of continuous-variable entangled twinatom states},
publisher={ Nature 480, 219},
year={2011},
}
@book{Lb.34, 
author={A. D. Sakharov},
title={The initial stage of an expanding Universe and the appearance of a nonuniform distribution of
matter},
publisher={Sov. Phys. JETP 22, 241},
year={1966},
}
@book{Lb.35, 
author={L. P. Grishchuk},
title={ Cosmological Sakharov oscillations and quantum mechanics of the early Universe},
publisher={Phys.-Uspekhi 55, 210},
year={2012},
}
@book{Lb.36, 
author={ S. Giorgini, L. P. Pitaevskii, and S. Stringari},
title={Condensate fraction and critical temperature of a trapped interacting Bose gas},
publisher={Phys. Rev. A 54, R4633},
year={1996},
}
@book{Lb.37, 
author={J. Berges, S. Floerchinger, and R. Venugopalan},
title={ Dynamics of entanglement in expanding quantum fields},
publisher={J. High Energy Phys},
year={2018},
}
@book{Lb.38, 
author={ S. Robertson, F. Michel, and R. Parentani},
title={Controlling and observing nonseparability of phonons created in time-dependent 1D atomic Bose condensates},
publisher={Phys. Rev. D 95, 065020},
year={2017},
}
@book{Lb.39, 
author={P. Kunkel},
title={Detecting Entanglement Structure in Continuous Many-Body Quantum Systems},
publisher={Phys. Rev. Lett. 128, 020402},
year={2022},
}
@book{Lb.40, 
author={G. W. Gibbons and S. W. Hawking},
title={ Cosmological event horizons, thermodynamics, and particle creation},
publisher={Phys. Rev. D 15, 2738},
year={1997},
}
@book{Lb.41, 
author={T. Jacobson},
title={Thermodynamics of Spacetime: The Einstein Equation of State},
publisher={Phys. Rev. Lett. 75, 1260},
year={1995},
}
@book{Lb.42, 
author={T. Jacobson},
title={Entanglement Equilibrium and the Einstein Equation},
publisher={Phys. Rev. Lett. 116, 201101},
year={2016},
}
@book{Lb.43, 
author={U. R. Fischer and R. Schützhold},
title={Quantum simulation of cosmic inflation in two-component Bose-Einstein condensates},
publisher={Phys. Rev. A 70, 063615},
year={2004},
}
@book{Lb.44, 
author={ A. Schmidt-May and M. von Strauss},
title={ Recent developments in bimetric theory},
publisher={J. Phys. A Math. Theor. 49, 183001},
year={2016},
}
@book{Lb.45, 
author={M. Hans},
title={High signal
to noise absorption imaging of alkali atoms at moderate magnetic fields},
publisher={Rev. Sci. Instrum. 92, 023203},
year={2021},
}
@book{Lb.46, 
author={ G. E. Volovik},
title={The Universe in a Helium Droplet},
publisher={Oxford University Press},
year={2009},
}
@book{Lb.47, 
author={N. Bili´c and D. Toli´c},
title={FRW universe in the laboratory},
publisher={Phys. Rev. D 88, 105002},
year={2013},
}
@book{Lb.48, 
author={ N. Sánchez-Kuntz},
title={Scalar quantum fields in cosmologies with 2 + 1 spacetime dimensions},
publisher={arXiv:2202.10440},
year={2022},
}

@book{Lb.19, 
author={T. G. Philbin},
title={Fiber-Optical Analog of the Event Horizon},
publisher={Science 319 1367–1370},
year={2008},
}